<record><leader>00000cas a2200000 a 4500</leader><controlfield tag="001">9356140</controlfield><controlfield tag="008">830329d18321861nyuwr ne      0    0eng c</controlfield><datafield ind1=" " ind2=" " tag="010"><subfield code="a">sn 83030099 </subfield></datafield><datafield ind1=" " ind2=" " tag="040"><subfield code="a">NPU</subfield><subfield code="b">eng</subfield><subfield code="c">NPU</subfield><subfield code="d">NPX</subfield><subfield code="d">DLC</subfield><subfield code="d">NPA</subfield><subfield code="d">NYG</subfield><subfield code="d">DLC</subfield><subfield code="d">YOX</subfield><subfield code="d">NYS</subfield><subfield code="d">NVF</subfield><subfield code="d">OCL</subfield><subfield code="d">CRL</subfield><subfield code="d">NYS</subfield><subfield code="d">KRTAS</subfield><subfield code="d">OCLCQ</subfield><subfield code="d">OCLCF</subfield><subfield code="d">OCLCO</subfield></datafield><datafield ind1="1" ind2=" " tag="029"><subfield code="a">AU@</subfield><subfield code="b">000020125915</subfield></datafield><datafield ind1=" " ind2=" " tag="042"><subfield code="a">pcc</subfield></datafield><datafield ind1=" " ind2=" " tag="043"><subfield code="a">n-us-ny</subfield></datafield><datafield ind1="0" ind2="0" tag="050"><subfield code="a">Newspaper 8829-X</subfield></datafield><datafield ind1="0" ind2="0" tag="245"><subfield code="a">Weekly courier and New-York enquirer.</subfield></datafield><datafield ind1=" " ind2=" " tag="260"><subfield code="a">New-York [N.Y.] :</subfield><subfield code="b">Jas. Watson Webb &amp; Co.,</subfield><subfield code="c">1832-</subfield></datafield><datafield ind1=" " ind2=" " tag="300"><subfield code="a">v. ;</subfield><subfield code="c">70-76 cm.</subfield></datafield><datafield ind1=" " ind2=" " tag="310"><subfield code="a">Weekly</subfield></datafield><datafield ind1="0" ind2=" " tag="362"><subfield code="a">Vol. 1, no. 2 (Feb. 4, 1832)-</subfield></datafield><datafield ind1="1" ind2=" " tag="362"><subfield code="a">Ceased in 1861?</subfield></datafield><datafield ind1=" " ind2=" " tag="530"><subfield code="a">Also issued on microfilm from the New York Public Library.</subfield></datafield><datafield ind1=" " ind2=" " tag="580"><subfield code="a">Daily ed.: Morning courier and New-York enquirer.</subfield></datafield><datafield ind1=" " ind2=" " tag="580"><subfield code="a">Semiweekly eds.: Morning courier and New-York enquirer, for the country, and: Semi-weekly courier and enquirer, and: Semi-weekly courier and New-York enquirer.</subfield></datafield><datafield ind1=" " ind2="0" tag="651"><subfield code="a">New York (N.Y.)</subfield><subfield code="v">Newspapers.</subfield></datafield><datafield ind1=" " ind2="0" tag="651"><subfield code="a">New York County (N.Y.)</subfield><subfield code="v">Newspapers.</subfield></datafield><datafield ind1=" " ind2="7" tag="655"><subfield code="a">Newspapers.</subfield><subfield code="2">fast</subfield><subfield code="0">(OCoLC)fst01423814</subfield></datafield><datafield ind1=" " ind2="7" tag="651"><subfield code="a">New York (State)</subfield><subfield code="z">New York.</subfield><subfield code="2">fast</subfield><subfield code="0">(OCoLC)fst01204333</subfield></datafield><datafield ind1=" " ind2="7" tag="651"><subfield code="a">New York (State)</subfield><subfield code="z">New York County.</subfield><subfield code="2">fast</subfield><subfield code="0">(OCoLC)fst01234953</subfield></datafield><datafield ind1=" " ind2=" " tag="752"><subfield code="a">United States</subfield><subfield code="b">New York</subfield><subfield code="c">New York</subfield><subfield code="d">New York.</subfield></datafield><datafield ind1="1" ind2=" " tag="775"><subfield code="t">Morning courier and New-York enquirer</subfield><subfield code="w">(DLC)sn 83030084</subfield><subfield code="w">(OCoLC)2264401</subfield></datafield><datafield ind1="1" ind2=" " tag="775"><subfield code="t">Morning courier and New-York enquirer, for the country</subfield><subfield code="w">(DLC)sn 83030097</subfield><subfield code="w">(OCoLC)9348981</subfield></datafield><datafield ind1="1" ind2=" " tag="775"><subfield code="t">Semi-weekly courier and enquirer</subfield><subfield code="w">(DLC)sn 83030081</subfield><subfield code="w">(OCoLC)9341304</subfield></datafield><datafield ind1="1" ind2=" " tag="775"><subfield code="t">Semi-weekly courier and New-York enquirer</subfield><subfield code="w">(DLC)sn 88073087</subfield><subfield code="w">(OCoLC)20644152</subfield></datafield><datafield ind1="0" ind2="0" tag="780"><subfield code="t">Morning courier and New-York enquirer (New York, N.Y. : 1832 : Weekly)</subfield><subfield code="w">(DLC)sn 85025678</subfield><subfield code="w">(OCoLC)11850634</subfield></datafield><datafield ind1="0" ind2="4" tag="785"><subfield code="t">World (New York, N.Y. : 1860 : Weekly)</subfield><subfield code="w">(DLC)sn 83030181</subfield><subfield code="w">(OCoLC)9365473</subfield></datafield><datafield ind1=" " ind2=" " tag="938"><subfield code="a">Kirtas Technologies, Inc.</subfield><subfield code="b">KRTS</subfield><subfield code="n">736379</subfield></datafield></record>